@book{tokareva,
    author = {Токарева Н.Н.},
    title = {Нелинейные булевы функции: бент-функции и их обобщения},
    publisher = {Издательство LAP LAMBERT Academic Publishing (Saarbrucken, Germany)},
    year = {2011},
    isbn = {978-3-8433-0904-2},
    pages = {180},
    language = {russian},
    hyphenation = {russian}
}

@misc{rubtsov,
    author = {Рубцов А.А.},
    title = {Дискретная математика},
    year = {2022},
    url = {https://rubtsov.su/public/alctg/2022/dm_lectures.pdf},
    language = {russian},
    hyphenation = {russian}
}

@article{cast,
    author = {Carlisle M.Adams},
    title = {Constructing Symmetric Ciphers Using the CAST Design Procedure},
    journal = {Designs, Codes and Cryptography},
    volume = {12},
    pages = {283--316},
    year = {1997},
    publisher = {Kluwer Academic Publishers, Boston}
}

@book{mipt,
    author = {Владимиров С.М. and Габидулин Э.М. and Колыбельников А.И. and Кшевецкий А.С.},
    title = {Криптографические методы защиты информации},
    publisher = {МФТИ},
    year = {2016},
    isbn = {978-5-7417-0615-2},
    pages = {266},
    edition = {2},
    language = {russian},
    hyphenation = {russian}
}

@article{rothaus,
    author = {O.S. Rothaus},
    title = {On "Bent"\ Functions},
    journal = {Journal of combinatorial theory},
    volume = {20},
    pages = {300-305},
    year = {1976},
    publisher = {Department of Mathematics, Cornell University, Ithaca, New York 14853}
}
